%YAML 1.1
%TAG !u! tag:unity3d.com,2011:
--- !u!114 &11400000
MonoBehaviour:
  m_ObjectHideFlags: 0
  m_PrefabParentObject: {fileID: 0}
  m_PrefabInternal: {fileID: 0}
  m_GameObject: {fileID: 0}
  m_Enabled: 1
  m_EditorHideFlags: 0
  m_Script: {fileID: 11500000, guid: db7d0bd5f3d205d4dbe20d36bb65fd2d, type: 3}
  m_Name: BankManagerIntro
  m_EditorClassIdentifier: 
  nodes:
  - {fileID: 114000010406038496}
  - {fileID: 114000010016825094}
  - {fileID: 114000013711484338}
  - {fileID: 114000011937534148}
  - {fileID: 114000011754884268}
  - {fileID: 114000011368168248}
  editorStates:
  - {fileID: 114000013387853618}
  livesInScene: 0
  startNodeIndex: 5
--- !u!114 &114000010016825094
MonoBehaviour:
  m_ObjectHideFlags: 1
  m_PrefabParentObject: {fileID: 0}
  m_PrefabInternal: {fileID: 0}
  m_GameObject: {fileID: 0}
  m_Enabled: 1
  m_EditorHideFlags: 0
  m_Script: {fileID: 11500000, guid: 14f707d1b787d584eb8c9755906a734f, type: 3}
  m_Name: Dialogue Exit
  m_EditorClassIdentifier: 
  rect:
    serializedVersion: 2
    x: 259
    y: -28
    width: 300
    height: 18
  nodeKnobs:
  - {fileID: 114000012268676994}
  Inputs:
  - {fileID: 114000012268676994}
  Outputs: []
--- !u!114 &114000010111552112
MonoBehaviour:
  m_ObjectHideFlags: 1
  m_PrefabParentObject: {fileID: 0}
  m_PrefabInternal: {fileID: 0}
  m_GameObject: {fileID: 0}
  m_Enabled: 1
  m_EditorHideFlags: 0
  m_Script: {fileID: 11500000, guid: 4caff27366054dd44a30ddb5be369acc, type: 3}
  m_Name: Previous Node
  m_EditorClassIdentifier: 
  body: {fileID: 114000010406038496}
  side: 4
  sidePosition: 10
  sideOffset: 0
  connection: {fileID: 114000013514458656}
  typeID: DialogueForward
--- !u!114 &114000010184889704
MonoBehaviour:
  m_ObjectHideFlags: 1
  m_PrefabParentObject: {fileID: 0}
  m_PrefabInternal: {fileID: 0}
  m_GameObject: {fileID: 0}
  m_Enabled: 1
  m_EditorHideFlags: 0
  m_Script: {fileID: 11500000, guid: 42e7026d0da7df848ab67d517ac12d74, type: 3}
  m_Name: Next Node
  m_EditorClassIdentifier: 
  body: {fileID: 114000011368168248}
  side: 2
  sidePosition: 240
  sideOffset: 0
  connections:
  - {fileID: 114000012268676994}
  typeID: DialogueForward
  calculationBlockade: 0
--- !u!114 &114000010406038496
MonoBehaviour:
  m_ObjectHideFlags: 1
  m_PrefabParentObject: {fileID: 0}
  m_PrefabInternal: {fileID: 0}
  m_GameObject: {fileID: 0}
  m_Enabled: 1
  m_EditorHideFlags: 0
  m_Script: {fileID: 11500000, guid: 14f707d1b787d584eb8c9755906a734f, type: 3}
  m_Name: Dialogue Exit
  m_EditorClassIdentifier: 
  rect:
    serializedVersion: 2
    x: 259
    y: -50
    width: 300
    height: 18
  nodeKnobs:
  - {fileID: 114000010111552112}
  Inputs:
  - {fileID: 114000010111552112}
  Outputs: []
--- !u!114 &114000010502594522
MonoBehaviour:
  m_ObjectHideFlags: 1
  m_PrefabParentObject: {fileID: 0}
  m_PrefabInternal: {fileID: 0}
  m_GameObject: {fileID: 0}
  m_Enabled: 1
  m_EditorHideFlags: 0
  m_Script: {fileID: 11500000, guid: 4caff27366054dd44a30ddb5be369acc, type: 3}
  m_Name: Previous Node
  m_EditorClassIdentifier: 
  body: {fileID: 114000011754884268}
  side: 4
  sidePosition: 10
  sideOffset: 0
  connection: {fileID: 114000014002099292}
  typeID: DialogueForward
--- !u!114 &114000011193962482
MonoBehaviour:
  m_ObjectHideFlags: 1
  m_PrefabParentObject: {fileID: 0}
  m_PrefabInternal: {fileID: 0}
  m_GameObject: {fileID: 0}
  m_Enabled: 1
  m_EditorHideFlags: 0
  m_Script: {fileID: 11500000, guid: 42e7026d0da7df848ab67d517ac12d74, type: 3}
  m_Name: Next Node
  m_EditorClassIdentifier: 
  body: {fileID: 114000011368168248}
  side: 2
  sidePosition: 156
  sideOffset: 0
  connections:
  - {fileID: 114000013113040044}
  typeID: DialogueForward
  calculationBlockade: 0
--- !u!114 &114000011368168248
MonoBehaviour:
  m_ObjectHideFlags: 1
  m_PrefabParentObject: {fileID: 0}
  m_PrefabInternal: {fileID: 0}
  m_GameObject: {fileID: 0}
  m_Enabled: 1
  m_EditorHideFlags: 0
  m_Script: {fileID: 11500000, guid: 99fe64730b070fc4b97579236a92125a, type: 3}
  m_Name: Dialogue Start
  m_EditorClassIdentifier: 
  rect:
    serializedVersion: 2
    x: -219
    y: -228.8
    width: 300
    height: 336
  nodeKnobs:
  - {fileID: 114000011193962482}
  - {fileID: 114000013514458656}
  - {fileID: 114000010184889704}
  - {fileID: 114000013173121938}
  Inputs: []
  Outputs:
  - {fileID: 114000011193962482}
  - {fileID: 114000013514458656}
  - {fileID: 114000010184889704}
  - {fileID: 114000013173121938}
  talkingCharacter: 0
  characterImage: {fileID: 0}
  talkingText: Test Dialogue please ignore.
  talkingClip: {fileID: 0}
  modifierCustomerSatisfaction: 0
  modifierStaffSatisfaction: 0
  modifierMonies: 0
  options:
  - optionDisplay: Yes
    optionText: Yes, this is a test
    optionClip: {fileID: 0}
    nodeOutputIndex: 0
  - optionDisplay: No
    optionText: No, this is a test
    optionClip: {fileID: 0}
    nodeOutputIndex: 0
  - optionDisplay: Sometimes
    optionText: Sometimes this is not a test
    optionClip: {fileID: 0}
    nodeOutputIndex: 0
  - optionDisplay: Maybe
    optionText: Maybe this is not a test
    optionClip: {fileID: 0}
    nodeOutputIndex: 0
--- !u!114 &114000011754884268
MonoBehaviour:
  m_ObjectHideFlags: 1
  m_PrefabParentObject: {fileID: 0}
  m_PrefabInternal: {fileID: 0}
  m_GameObject: {fileID: 0}
  m_Enabled: 1
  m_EditorHideFlags: 0
  m_Script: {fileID: 11500000, guid: 14f707d1b787d584eb8c9755906a734f, type: 3}
  m_Name: Dialogue Exit
  m_EditorClassIdentifier: 
  rect:
    serializedVersion: 2
    x: 592.9
    y: -181
    width: 300
    height: 18
  nodeKnobs:
  - {fileID: 114000010502594522}
  Inputs:
  - {fileID: 114000010502594522}
  Outputs: []
--- !u!114 &114000011930644166
MonoBehaviour:
  m_ObjectHideFlags: 1
  m_PrefabParentObject: {fileID: 0}
  m_PrefabInternal: {fileID: 0}
  m_GameObject: {fileID: 0}
  m_Enabled: 1
  m_EditorHideFlags: 0
  m_Script: {fileID: 11500000, guid: 4caff27366054dd44a30ddb5be369acc, type: 3}
  m_Name: Previous Node
  m_EditorClassIdentifier: 
  body: {fileID: 114000013711484338}
  side: 4
  sidePosition: 10
  sideOffset: 0
  connection: {fileID: 114000013173121938}
  typeID: DialogueForward
--- !u!114 &114000011937534148
MonoBehaviour:
  m_ObjectHideFlags: 1
  m_PrefabParentObject: {fileID: 0}
  m_PrefabInternal: {fileID: 0}
  m_GameObject: {fileID: 0}
  m_Enabled: 1
  m_EditorHideFlags: 0
  m_Script: {fileID: 11500000, guid: 5d2a731d98b4031488f6ec2e8597902a, type: 3}
  m_Name: Dialogue
  m_EditorClassIdentifier: 
  rect:
    serializedVersion: 2
    x: 203.70001
    y: -235.6
    width: 300
    height: 150
  nodeKnobs:
  - {fileID: 114000013113040044}
  - {fileID: 114000014002099292}
  Inputs:
  - {fileID: 114000013113040044}
  Outputs:
  - {fileID: 114000014002099292}
  talkingCharacter: 0
  characterImage: {fileID: 0}
  talkingText: Some more text
  talkingClip: {fileID: 0}
  modifierCustomerSatisfaction: 0
  modifierStaffSatisfaction: 0
  modifierMonies: 0
--- !u!114 &114000012268676994
MonoBehaviour:
  m_ObjectHideFlags: 1
  m_PrefabParentObject: {fileID: 0}
  m_PrefabInternal: {fileID: 0}
  m_GameObject: {fileID: 0}
  m_Enabled: 1
  m_EditorHideFlags: 0
  m_Script: {fileID: 11500000, guid: 4caff27366054dd44a30ddb5be369acc, type: 3}
  m_Name: Previous Node
  m_EditorClassIdentifier: 
  body: {fileID: 114000010016825094}
  side: 4
  sidePosition: 10
  sideOffset: 0
  connection: {fileID: 114000010184889704}
  typeID: DialogueForward
--- !u!114 &114000013113040044
MonoBehaviour:
  m_ObjectHideFlags: 1
  m_PrefabParentObject: {fileID: 0}
  m_PrefabInternal: {fileID: 0}
  m_GameObject: {fileID: 0}
  m_Enabled: 1
  m_EditorHideFlags: 0
  m_Script: {fileID: 11500000, guid: 4caff27366054dd44a30ddb5be369acc, type: 3}
  m_Name: Previous Node
  m_EditorClassIdentifier: 
  body: {fileID: 114000011937534148}
  side: 4
  sidePosition: 30
  sideOffset: 0
  connection: {fileID: 114000011193962482}
  typeID: DialogueForward
--- !u!114 &114000013173121938
MonoBehaviour:
  m_ObjectHideFlags: 1
  m_PrefabParentObject: {fileID: 0}
  m_PrefabInternal: {fileID: 0}
  m_GameObject: {fileID: 0}
  m_Enabled: 1
  m_EditorHideFlags: 0
  m_Script: {fileID: 11500000, guid: 42e7026d0da7df848ab67d517ac12d74, type: 3}
  m_Name: Next Node
  m_EditorClassIdentifier: 
  body: {fileID: 114000011368168248}
  side: 2
  sidePosition: 282
  sideOffset: 0
  connections:
  - {fileID: 114000011930644166}
  typeID: DialogueForward
  calculationBlockade: 0
--- !u!114 &114000013387853618
MonoBehaviour:
  m_ObjectHideFlags: 1
  m_PrefabParentObject: {fileID: 0}
  m_PrefabInternal: {fileID: 0}
  m_GameObject: {fileID: 0}
  m_Enabled: 1
  m_EditorHideFlags: 0
  m_Script: {fileID: 11500000, guid: f6ab6487237ff124ea4c2aa5de9ce3fb, type: 3}
  m_Name: MainEditorState
  m_EditorClassIdentifier: 
  canvas: {fileID: 11400000}
  parentEditor: {fileID: 0}
  drawing: 1
  selectedNode: {fileID: 114000011368168248}
  panOffset: {x: -188.00029, y: 63.200005}
  zoom: 1.2
--- !u!114 &114000013514458656
MonoBehaviour:
  m_ObjectHideFlags: 1
  m_PrefabParentObject: {fileID: 0}
  m_PrefabInternal: {fileID: 0}
  m_GameObject: {fileID: 0}
  m_Enabled: 1
  m_EditorHideFlags: 0
  m_Script: {fileID: 11500000, guid: 42e7026d0da7df848ab67d517ac12d74, type: 3}
  m_Name: Next Node
  m_EditorClassIdentifier: 
  body: {fileID: 114000011368168248}
  side: 2
  sidePosition: 198
  sideOffset: 0
  connections:
  - {fileID: 114000010111552112}
  typeID: DialogueForward
  calculationBlockade: 0
--- !u!114 &114000013711484338
MonoBehaviour:
  m_ObjectHideFlags: 1
  m_PrefabParentObject: {fileID: 0}
  m_PrefabInternal: {fileID: 0}
  m_GameObject: {fileID: 0}
  m_Enabled: 1
  m_EditorHideFlags: 0
  m_Script: {fileID: 11500000, guid: 14f707d1b787d584eb8c9755906a734f, type: 3}
  m_Name: Dialogue Exit
  m_EditorClassIdentifier: 
  rect:
    serializedVersion: 2
    x: 259
    y: -6
    width: 300
    height: 18
  nodeKnobs:
  - {fileID: 114000011930644166}
  Inputs:
  - {fileID: 114000011930644166}
  Outputs: []
--- !u!114 &114000014002099292
MonoBehaviour:
  m_ObjectHideFlags: 1
  m_PrefabParentObject: {fileID: 0}
  m_PrefabInternal: {fileID: 0}
  m_GameObject: {fileID: 0}
  m_Enabled: 1
  m_EditorHideFlags: 0
  m_Script: {fileID: 11500000, guid: 42e7026d0da7df848ab67d517ac12d74, type: 3}
  m_Name: Previous Node
  m_EditorClassIdentifier: 
  body: {fileID: 114000011937534148}
  side: 2
  sidePosition: 30
  sideOffset: 0
  connections:
  - {fileID: 114000010502594522}
  typeID: DialogueForward
  calculationBlockade: 0
