%YAML 1.1
%TAG !u! tag:unity3d.com,2011:
--- !u!114 &11400000
MonoBehaviour:
  m_ObjectHideFlags: 0
  m_PrefabParentObject: {fileID: 0}
  m_PrefabInternal: {fileID: 0}
  m_GameObject: {fileID: 0}
  m_Enabled: 1
  m_EditorHideFlags: 0
  m_Script: {fileID: 11500000, guid: db7d0bd5f3d205d4dbe20d36bb65fd2d, type: 3}
  m_Name: Detailed_problem_solving_Gina
  m_EditorClassIdentifier: 
  nodes:
  - {fileID: 114058841772932424}
  - {fileID: 114183681016100046}
  - {fileID: 114578578344645412}
  - {fileID: 114068254691893526}
  - {fileID: 114878513852502032}
  - {fileID: 114543278241333692}
  - {fileID: 114681595848231148}
  - {fileID: 114582773935975708}
  - {fileID: 114002111072470444}
  - {fileID: 114848903513151972}
  - {fileID: 114980287552628328}
  editorStates:
  - {fileID: 114212854685993404}
  livesInScene: 0
  startNodeIndex: 4
--- !u!114 &114002111072470444
MonoBehaviour:
  m_ObjectHideFlags: 1
  m_PrefabParentObject: {fileID: 0}
  m_PrefabInternal: {fileID: 0}
  m_GameObject: {fileID: 0}
  m_Enabled: 1
  m_EditorHideFlags: 0
  m_Script: {fileID: 11500000, guid: b1900878314fbe74880e65029704ec35, type: 3}
  m_Name: Dialogue
  m_EditorClassIdentifier: 
  rect:
    serializedVersion: 2
    x: 788.0906
    y: 398.59006
    width: 300
    height: 312
  nodeKnobs:
  - {fileID: 114002174628530670}
  - {fileID: 114248212072526756}
  - {fileID: 114153977366891376}
  - {fileID: 114840096422954176}
  - {fileID: 114758885881269804}
  Inputs:
  - {fileID: 114002174628530670}
  Outputs:
  - {fileID: 114248212072526756}
  - {fileID: 114153977366891376}
  - {fileID: 114840096422954176}
  - {fileID: 114758885881269804}
  talkingCharacter: 2
  characterImage: {fileID: 0}
  talkingText: "For the side dishes of the main course we should be able to make...\nPeas
    with pancetta, or \nZucchini coins with chili and parmesan, or\nMashed potatoes,
    or\nRice."
  talkingClip: {fileID: 8300000, guid: 9268b264425f345a4b4bd4fbabccb7fd, type: 3}
  customerSatisfactionReason: 
  modifierCustomerSatisfaction: 0
  staffSatisfactionReason: 
  modifierStaffSatisfaction: 0
  moneyReason: 
  modifierMonies: 0
  eventName: 
  options:
  - optionDisplay: Peas with pancetta
    optionText: For this I'll then suggest peas with pancetta.
    optionImage: {fileID: 0}
    optionClip: {fileID: 8300000, guid: 42fdb054800c34f41bd02332edc91b41, type: 3}
    nodeOutputIndex: 0
    clickedEvent: PowerOutageMainSideSuccess
  - optionDisplay: Zucchini coins with chili and parmesan
    optionText: For this I'll then suggest zucchini coins with chili and parmesan.
    optionImage: {fileID: 0}
    optionClip: {fileID: 8300000, guid: 032a1ad1beda24abfbb3b34703b41d7b, type: 3}
    nodeOutputIndex: 1
    clickedEvent: 
  - optionDisplay: Mashed potatoes
    optionText: For this I'll then suggest mashed potatoes.
    optionImage: {fileID: 0}
    optionClip: {fileID: 8300000, guid: 95e17a556276942e384eefddcc63df79, type: 3}
    nodeOutputIndex: 2
    clickedEvent: 
  - optionDisplay: Rice
    optionText: For this I'll then suggest rice.
    optionImage: {fileID: 0}
    optionClip: {fileID: 8300000, guid: c99404e9c81624adf9d99bd63d7e13c7, type: 3}
    nodeOutputIndex: 3
    clickedEvent: 
--- !u!114 &114002174628530670
MonoBehaviour:
  m_ObjectHideFlags: 1
  m_PrefabParentObject: {fileID: 0}
  m_PrefabInternal: {fileID: 0}
  m_GameObject: {fileID: 0}
  m_Enabled: 1
  m_EditorHideFlags: 0
  m_Script: {fileID: 11500000, guid: 4caff27366054dd44a30ddb5be369acc, type: 3}
  m_Name: Previous Node
  m_EditorClassIdentifier: 
  body: {fileID: 114002111072470444}
  side: 4
  sidePosition: 30
  sideOffset: 0
  connection: {fileID: 0}
  connections:
  - {fileID: 114470795373909556}
  - {fileID: 114982415302550852}
  - {fileID: 114467116068231986}
  - {fileID: 114410473116373702}
  typeID: DialogueForward
--- !u!114 &114010158836412808
MonoBehaviour:
  m_ObjectHideFlags: 1
  m_PrefabParentObject: {fileID: 0}
  m_PrefabInternal: {fileID: 0}
  m_GameObject: {fileID: 0}
  m_Enabled: 1
  m_EditorHideFlags: 0
  m_Script: {fileID: 11500000, guid: 42e7026d0da7df848ab67d517ac12d74, type: 3}
  m_Name: Next Node
  m_EditorClassIdentifier: 
  body: {fileID: 114543278241333692}
  side: 2
  sidePosition: 246
  sideOffset: 0
  connections: []
  connection: {fileID: 114894278407062424}
  typeID: DialogueForward
  calculationBlockade: 0
--- !u!114 &114023826584981772
MonoBehaviour:
  m_ObjectHideFlags: 1
  m_PrefabParentObject: {fileID: 0}
  m_PrefabInternal: {fileID: 0}
  m_GameObject: {fileID: 0}
  m_Enabled: 1
  m_EditorHideFlags: 0
  m_Script: {fileID: 11500000, guid: 42e7026d0da7df848ab67d517ac12d74, type: 3}
  m_Name: Next Node
  m_EditorClassIdentifier: 
  body: {fileID: 114878513852502032}
  side: 2
  sidePosition: 246
  sideOffset: 0
  connections: []
  connection: {fileID: 0}
  typeID: DialogueForward
  calculationBlockade: 0
--- !u!114 &114047427114269468
MonoBehaviour:
  m_ObjectHideFlags: 1
  m_PrefabParentObject: {fileID: 0}
  m_PrefabInternal: {fileID: 0}
  m_GameObject: {fileID: 0}
  m_Enabled: 1
  m_EditorHideFlags: 0
  m_Script: {fileID: 11500000, guid: 4caff27366054dd44a30ddb5be369acc, type: 3}
  m_Name: Previous Node
  m_EditorClassIdentifier: 
  body: {fileID: 114058841772932424}
  side: 4
  sidePosition: 10
  sideOffset: 0
  connection: {fileID: 0}
  connections:
  - {fileID: 114563769828620640}
  typeID: DialogueForward
--- !u!114 &114058841772932424
MonoBehaviour:
  m_ObjectHideFlags: 1
  m_PrefabParentObject: {fileID: 0}
  m_PrefabInternal: {fileID: 0}
  m_GameObject: {fileID: 0}
  m_Enabled: 1
  m_EditorHideFlags: 0
  m_Script: {fileID: 11500000, guid: 14f707d1b787d584eb8c9755906a734f, type: 3}
  m_Name: Dialogue Exit
  m_EditorClassIdentifier: 
  rect:
    serializedVersion: 2
    x: 2824.3416
    y: 809.1654
    width: 300
    height: 130
  nodeKnobs:
  - {fileID: 114047427114269468}
  Inputs:
  - {fileID: 114047427114269468}
  Outputs: []
  talkingCharacter: 0
  characterImage: {fileID: 0}
  talkingText: 
  talkingClip: {fileID: 0}
  customerSatisfactionReason: 
  modifierCustomerSatisfaction: 0
  staffSatisfactionReason: 
  modifierStaffSatisfaction: 0
  moneyReason: 
  modifierMonies: 0
  eventName: 
  gameOverReason: 
--- !u!114 &114068254691893526
MonoBehaviour:
  m_ObjectHideFlags: 1
  m_PrefabParentObject: {fileID: 0}
  m_PrefabInternal: {fileID: 0}
  m_GameObject: {fileID: 0}
  m_Enabled: 1
  m_EditorHideFlags: 0
  m_Script: {fileID: 11500000, guid: 5d2a731d98b4031488f6ec2e8597902a, type: 3}
  m_Name: Dialogue
  m_EditorClassIdentifier: 
  rect:
    serializedVersion: 2
    x: -428.6
    y: 3.9999971
    width: 300
    height: 170
  nodeKnobs:
  - {fileID: 114669119647727550}
  - {fileID: 114727310142919614}
  Inputs:
  - {fileID: 114669119647727550}
  Outputs:
  - {fileID: 114727310142919614}
  talkingCharacter: 2
  characterImage: {fileID: 0}
  talkingText: Actually it is that bad because we usually make everything from scratch...
    and for that I need the chopping machine, blender, oven, you name it! This is
    really not good, but here are some suggestions.
  talkingClip: {fileID: 8300000, guid: 608ca653aea964bd68bb8ab09ef66e05, type: 3}
  customerSatisfactionReason: 
  modifierCustomerSatisfaction: 0
  staffSatisfactionReason: 'As a manager, you should acknowledge staff suggestions
    and explain why you have decided to follow or pass over their suggestions: The
    chef is unhappy because you assumed there is little work without asking how much
    effort it would be to make changes.'
  modifierStaffSatisfaction: -10
  moneyReason: 
  modifierMonies: 0
  eventName: 
--- !u!114 &114153977366891376
MonoBehaviour:
  m_ObjectHideFlags: 1
  m_PrefabParentObject: {fileID: 0}
  m_PrefabInternal: {fileID: 0}
  m_GameObject: {fileID: 0}
  m_Enabled: 1
  m_EditorHideFlags: 0
  m_Script: {fileID: 11500000, guid: 42e7026d0da7df848ab67d517ac12d74, type: 3}
  m_Name: Next Node
  m_EditorClassIdentifier: 
  body: {fileID: 114002111072470444}
  side: 2
  sidePosition: 210
  sideOffset: 0
  connections: []
  connection: {fileID: 114174535237252154}
  typeID: DialogueForward
  calculationBlockade: 0
--- !u!114 &114174535237252154
MonoBehaviour:
  m_ObjectHideFlags: 1
  m_PrefabParentObject: {fileID: 0}
  m_PrefabInternal: {fileID: 0}
  m_GameObject: {fileID: 0}
  m_Enabled: 1
  m_EditorHideFlags: 0
  m_Script: {fileID: 11500000, guid: 4caff27366054dd44a30ddb5be369acc, type: 3}
  m_Name: Previous Node
  m_EditorClassIdentifier: 
  body: {fileID: 114848903513151972}
  side: 4
  sidePosition: 30
  sideOffset: 0
  connection: {fileID: 0}
  connections:
  - {fileID: 114248212072526756}
  - {fileID: 114153977366891376}
  - {fileID: 114840096422954176}
  - {fileID: 114758885881269804}
  typeID: DialogueForward
--- !u!114 &114177003851092838
MonoBehaviour:
  m_ObjectHideFlags: 1
  m_PrefabParentObject: {fileID: 0}
  m_PrefabInternal: {fileID: 0}
  m_GameObject: {fileID: 0}
  m_Enabled: 1
  m_EditorHideFlags: 0
  m_Script: {fileID: 11500000, guid: 42e7026d0da7df848ab67d517ac12d74, type: 3}
  m_Name: Next Node
  m_EditorClassIdentifier: 
  body: {fileID: 114543278241333692}
  side: 2
  sidePosition: 210
  sideOffset: 0
  connections: []
  connection: {fileID: 114894278407062424}
  typeID: DialogueForward
  calculationBlockade: 0
--- !u!114 &114183681016100046
MonoBehaviour:
  m_ObjectHideFlags: 1
  m_PrefabParentObject: {fileID: 0}
  m_PrefabInternal: {fileID: 0}
  m_GameObject: {fileID: 0}
  m_Enabled: 1
  m_EditorHideFlags: 0
  m_Script: {fileID: 11500000, guid: b1900878314fbe74880e65029704ec35, type: 3}
  m_Name: Dialogue
  m_EditorClassIdentifier: 
  rect:
    serializedVersion: 2
    x: 2010
    y: 600
    width: 300
    height: 312
  nodeKnobs:
  - {fileID: 114920084658601406}
  - {fileID: 114297973488479632}
  - {fileID: 114870145805762844}
  - {fileID: 114562452665818022}
  - {fileID: 114578798225971630}
  Inputs:
  - {fileID: 114920084658601406}
  Outputs:
  - {fileID: 114297973488479632}
  - {fileID: 114870145805762844}
  - {fileID: 114562452665818022}
  - {fileID: 114578798225971630}
  talkingCharacter: 2
  characterImage: {fileID: 0}
  talkingText: 'Right... then there are only the desserts left. These are the best
    options according to me...

    Caramel apples, or

    Milk tarts, or

    Chocolate mousse'
  talkingClip: {fileID: 8300000, guid: 23d9f0bb3a25649bd81c9ed6c94d46b3, type: 3}
  customerSatisfactionReason: 
  modifierCustomerSatisfaction: 0
  staffSatisfactionReason: 
  modifierStaffSatisfaction: 0
  moneyReason: 
  modifierMonies: 0
  eventName: 
  options:
  - optionDisplay: Caramel apples
    optionText: To round off the meal then, I will suggest caramel apples.
    optionImage: {fileID: 0}
    optionClip: {fileID: 8300000, guid: 0b29a4dfcc5474072a11308a55f0506b, type: 3}
    nodeOutputIndex: 0
    clickedEvent: 
  - optionDisplay: Milk tarts
    optionText: To round off the meal then, I will suggest milk tarts.
    optionImage: {fileID: 0}
    optionClip: {fileID: 8300000, guid: d8d52b23fca464354aa8441debf2d5ef, type: 3}
    nodeOutputIndex: 1
    clickedEvent: 
  - optionDisplay: Chocolate mousse
    optionText: To round off the meal then, I will suggest chocolate mousse.
    optionImage: {fileID: 0}
    optionClip: {fileID: 8300000, guid: d50c5890a9c7a4ba38aaffb6aa733c22, type: 3}
    nodeOutputIndex: 2
    clickedEvent: PowerOutageDessertSuccess
  - optionDisplay: 
    optionText: 
    optionImage: {fileID: 0}
    optionClip: {fileID: 0}
    nodeOutputIndex: 3
    clickedEvent: 
--- !u!114 &114212854685993404
MonoBehaviour:
  m_ObjectHideFlags: 1
  m_PrefabParentObject: {fileID: 0}
  m_PrefabInternal: {fileID: 0}
  m_GameObject: {fileID: 0}
  m_Enabled: 1
  m_EditorHideFlags: 0
  m_Script: {fileID: 11500000, guid: f6ab6487237ff124ea4c2aa5de9ce3fb, type: 3}
  m_Name: MainEditorState
  m_EditorClassIdentifier: 
  canvas: {fileID: 11400000}
  parentEditor: {fileID: 0}
  drawing: 1
  selectedNode: {fileID: 114980287552628328}
  panOffset: {x: -1388.2917, y: -545.1183}
  zoom: 1.1
--- !u!114 &114248212072526756
MonoBehaviour:
  m_ObjectHideFlags: 1
  m_PrefabParentObject: {fileID: 0}
  m_PrefabInternal: {fileID: 0}
  m_GameObject: {fileID: 0}
  m_Enabled: 1
  m_EditorHideFlags: 0
  m_Script: {fileID: 11500000, guid: 42e7026d0da7df848ab67d517ac12d74, type: 3}
  m_Name: Next Node
  m_EditorClassIdentifier: 
  body: {fileID: 114002111072470444}
  side: 2
  sidePosition: 174
  sideOffset: 0
  connections: []
  connection: {fileID: 114174535237252154}
  typeID: DialogueForward
  calculationBlockade: 0
--- !u!114 &114256360975750042
MonoBehaviour:
  m_ObjectHideFlags: 1
  m_PrefabParentObject: {fileID: 0}
  m_PrefabInternal: {fileID: 0}
  m_GameObject: {fileID: 0}
  m_Enabled: 1
  m_EditorHideFlags: 0
  m_Script: {fileID: 11500000, guid: 42e7026d0da7df848ab67d517ac12d74, type: 3}
  m_Name: Next Node
  m_EditorClassIdentifier: 
  body: {fileID: 114878513852502032}
  side: 2
  sidePosition: 174
  sideOffset: 0
  connections: []
  connection: {fileID: 114997298427506930}
  typeID: DialogueForward
  calculationBlockade: 0
--- !u!114 &114297973488479632
MonoBehaviour:
  m_ObjectHideFlags: 1
  m_PrefabParentObject: {fileID: 0}
  m_PrefabInternal: {fileID: 0}
  m_GameObject: {fileID: 0}
  m_Enabled: 1
  m_EditorHideFlags: 0
  m_Script: {fileID: 11500000, guid: 42e7026d0da7df848ab67d517ac12d74, type: 3}
  m_Name: Next Node
  m_EditorClassIdentifier: 
  body: {fileID: 114183681016100046}
  side: 2
  sidePosition: 174
  sideOffset: 0
  connections: []
  connection: {fileID: 114662431183963722}
  typeID: DialogueForward
  calculationBlockade: 0
--- !u!114 &114330565897105338
MonoBehaviour:
  m_ObjectHideFlags: 1
  m_PrefabParentObject: {fileID: 0}
  m_PrefabInternal: {fileID: 0}
  m_GameObject: {fileID: 0}
  m_Enabled: 1
  m_EditorHideFlags: 0
  m_Script: {fileID: 11500000, guid: 42e7026d0da7df848ab67d517ac12d74, type: 3}
  m_Name: Previous Node
  m_EditorClassIdentifier: 
  body: {fileID: 114848903513151972}
  side: 2
  sidePosition: 30
  sideOffset: 0
  connections: []
  connection: {fileID: 114793096549393246}
  typeID: DialogueForward
  calculationBlockade: 0
--- !u!114 &114410473116373702
MonoBehaviour:
  m_ObjectHideFlags: 1
  m_PrefabParentObject: {fileID: 0}
  m_PrefabInternal: {fileID: 0}
  m_GameObject: {fileID: 0}
  m_Enabled: 1
  m_EditorHideFlags: 0
  m_Script: {fileID: 11500000, guid: 42e7026d0da7df848ab67d517ac12d74, type: 3}
  m_Name: Next Node
  m_EditorClassIdentifier: 
  body: {fileID: 114582773935975708}
  side: 2
  sidePosition: 282
  sideOffset: 0
  connections: []
  connection: {fileID: 114002174628530670}
  typeID: DialogueForward
  calculationBlockade: 0
--- !u!114 &114428429073864432
MonoBehaviour:
  m_ObjectHideFlags: 1
  m_PrefabParentObject: {fileID: 0}
  m_PrefabInternal: {fileID: 0}
  m_GameObject: {fileID: 0}
  m_Enabled: 1
  m_EditorHideFlags: 0
  m_Script: {fileID: 11500000, guid: 42e7026d0da7df848ab67d517ac12d74, type: 3}
  m_Name: Next Node
  m_EditorClassIdentifier: 
  body: {fileID: 114878513852502032}
  side: 2
  sidePosition: 282
  sideOffset: 0
  connections: []
  connection: {fileID: 0}
  typeID: DialogueForward
  calculationBlockade: 0
--- !u!114 &114467116068231986
MonoBehaviour:
  m_ObjectHideFlags: 1
  m_PrefabParentObject: {fileID: 0}
  m_PrefabInternal: {fileID: 0}
  m_GameObject: {fileID: 0}
  m_Enabled: 1
  m_EditorHideFlags: 0
  m_Script: {fileID: 11500000, guid: 42e7026d0da7df848ab67d517ac12d74, type: 3}
  m_Name: Next Node
  m_EditorClassIdentifier: 
  body: {fileID: 114582773935975708}
  side: 2
  sidePosition: 246
  sideOffset: 0
  connections: []
  connection: {fileID: 114002174628530670}
  typeID: DialogueForward
  calculationBlockade: 0
--- !u!114 &114470795373909556
MonoBehaviour:
  m_ObjectHideFlags: 1
  m_PrefabParentObject: {fileID: 0}
  m_PrefabInternal: {fileID: 0}
  m_GameObject: {fileID: 0}
  m_Enabled: 1
  m_EditorHideFlags: 0
  m_Script: {fileID: 11500000, guid: 42e7026d0da7df848ab67d517ac12d74, type: 3}
  m_Name: Next Node
  m_EditorClassIdentifier: 
  body: {fileID: 114582773935975708}
  side: 2
  sidePosition: 174
  sideOffset: 0
  connections: []
  connection: {fileID: 114002174628530670}
  typeID: DialogueForward
  calculationBlockade: 0
--- !u!114 &114543278241333692
MonoBehaviour:
  m_ObjectHideFlags: 1
  m_PrefabParentObject: {fileID: 0}
  m_PrefabInternal: {fileID: 0}
  m_GameObject: {fileID: 0}
  m_Enabled: 1
  m_EditorHideFlags: 0
  m_Script: {fileID: 11500000, guid: b1900878314fbe74880e65029704ec35, type: 3}
  m_Name: Dialogue
  m_EditorClassIdentifier: 
  rect:
    serializedVersion: 2
    x: -47
    y: 7.5
    width: 300
    height: 312
  nodeKnobs:
  - {fileID: 114694036536701640}
  - {fileID: 114661098623426586}
  - {fileID: 114177003851092838}
  - {fileID: 114010158836412808}
  - {fileID: 114996454031245272}
  Inputs:
  - {fileID: 114694036536701640}
  Outputs:
  - {fileID: 114661098623426586}
  - {fileID: 114177003851092838}
  - {fileID: 114010158836412808}
  - {fileID: 114996454031245272}
  talkingCharacter: 2
  characterImage: {fileID: 0}
  talkingText: "For the starter we can try...\nAsparagus, mozzarella and prosciutto
    parcels, or\nPrawn cocktail, or\nChilled pea soup with cr\xE8me fraiche, or\nGoats
    cheese beetroots"
  talkingClip: {fileID: 8300000, guid: 1feff1dbb7b0c4c66a07397901628da5, type: 3}
  customerSatisfactionReason: 
  modifierCustomerSatisfaction: 0
  staffSatisfactionReason: 
  modifierStaffSatisfaction: 0
  moneyReason: 
  modifierMonies: 0
  eventName: 
  options:
  - optionDisplay: Asparagus, mozzarella and prosciutto parcels
    optionText: I will go for the asparagus, mozzarella and prosciutto parcels.
    optionImage: {fileID: 0}
    optionClip: {fileID: 8300000, guid: 1c93281f4290448c798d25713a447cc7, type: 3}
    nodeOutputIndex: 0
    clickedEvent: 
  - optionDisplay: Prawn cocktail
    optionText: I will go for the prawn cocktail.
    optionImage: {fileID: 0}
    optionClip: {fileID: 8300000, guid: d947780306bed4def830110d0c160cf0, type: 3}
    nodeOutputIndex: 1
    clickedEvent: 
  - optionDisplay: "Chilled pea soup with cr\xE8me fraiche"
    optionText: "I will go for the chilled pea soup with cr\xE8me fra\xEEche."
    optionImage: {fileID: 0}
    optionClip: {fileID: 8300000, guid: 3836ba46b558f48e5b8b5a955a92fa22, type: 3}
    nodeOutputIndex: 2
    clickedEvent: PowerOutageStarterSuccess
  - optionDisplay: Goat's cheese beetroots
    optionText: I will go for goat's cheese beetroots.
    optionImage: {fileID: 0}
    optionClip: {fileID: 8300000, guid: 74967bb3389f841ab886b7ea03ff0597, type: 3}
    nodeOutputIndex: 3
    clickedEvent: 
--- !u!114 &114562452665818022
MonoBehaviour:
  m_ObjectHideFlags: 1
  m_PrefabParentObject: {fileID: 0}
  m_PrefabInternal: {fileID: 0}
  m_GameObject: {fileID: 0}
  m_Enabled: 1
  m_EditorHideFlags: 0
  m_Script: {fileID: 11500000, guid: 42e7026d0da7df848ab67d517ac12d74, type: 3}
  m_Name: Next Node
  m_EditorClassIdentifier: 
  body: {fileID: 114183681016100046}
  side: 2
  sidePosition: 246
  sideOffset: 0
  connections: []
  connection: {fileID: 114662431183963722}
  typeID: DialogueForward
  calculationBlockade: 0
--- !u!114 &114563769828620640
MonoBehaviour:
  m_ObjectHideFlags: 1
  m_PrefabParentObject: {fileID: 0}
  m_PrefabInternal: {fileID: 0}
  m_GameObject: {fileID: 0}
  m_Enabled: 1
  m_EditorHideFlags: 0
  m_Script: {fileID: 11500000, guid: 42e7026d0da7df848ab67d517ac12d74, type: 3}
  m_Name: Previous Node
  m_EditorClassIdentifier: 
  body: {fileID: 114578578344645412}
  side: 2
  sidePosition: 30
  sideOffset: 0
  connections: []
  connection: {fileID: 114047427114269468}
  typeID: DialogueForward
  calculationBlockade: 0
--- !u!114 &114578578344645412
MonoBehaviour:
  m_ObjectHideFlags: 1
  m_PrefabParentObject: {fileID: 0}
  m_PrefabInternal: {fileID: 0}
  m_GameObject: {fileID: 0}
  m_Enabled: 1
  m_EditorHideFlags: 0
  m_Script: {fileID: 11500000, guid: 5d2a731d98b4031488f6ec2e8597902a, type: 3}
  m_Name: Dialogue
  m_EditorClassIdentifier: 
  rect:
    serializedVersion: 2
    x: 2430
    y: 790
    width: 300
    height: 170
  nodeKnobs:
  - {fileID: 114662431183963722}
  - {fileID: 114563769828620640}
  Inputs:
  - {fileID: 114662431183963722}
  Outputs:
  - {fileID: 114563769828620640}
  talkingCharacter: 1
  characterImage: {fileID: 0}
  talkingText: I think we have made some good selections. Thank you so much for helping
    me with this Gina. I think I'm quickly going to send the client an e-mail with
    our new menu and then I'm going to phone her so that she is aware of the mail.
  talkingClip: {fileID: 8300000, guid: cdcc900c245bf416bb18dbc5bf222d22, type: 3}
  customerSatisfactionReason: 
  modifierCustomerSatisfaction: 0
  staffSatisfactionReason: 
  modifierStaffSatisfaction: 0
  moneyReason: 
  modifierMonies: 0
  eventName: 
--- !u!114 &114578798225971630
MonoBehaviour:
  m_ObjectHideFlags: 1
  m_PrefabParentObject: {fileID: 0}
  m_PrefabInternal: {fileID: 0}
  m_GameObject: {fileID: 0}
  m_Enabled: 1
  m_EditorHideFlags: 0
  m_Script: {fileID: 11500000, guid: 42e7026d0da7df848ab67d517ac12d74, type: 3}
  m_Name: Next Node
  m_EditorClassIdentifier: 
  body: {fileID: 114183681016100046}
  side: 2
  sidePosition: 282
  sideOffset: 0
  connections: []
  connection: {fileID: 114662431183963722}
  typeID: DialogueForward
  calculationBlockade: 0
--- !u!114 &114582773935975708
MonoBehaviour:
  m_ObjectHideFlags: 1
  m_PrefabParentObject: {fileID: 0}
  m_PrefabInternal: {fileID: 0}
  m_GameObject: {fileID: 0}
  m_Enabled: 1
  m_EditorHideFlags: 0
  m_Script: {fileID: 11500000, guid: b1900878314fbe74880e65029704ec35, type: 3}
  m_Name: Dialogue
  m_EditorClassIdentifier: 
  rect:
    serializedVersion: 2
    x: 368.88104
    y: 199.51538
    width: 300
    height: 312
  nodeKnobs:
  - {fileID: 114894278407062424}
  - {fileID: 114470795373909556}
  - {fileID: 114982415302550852}
  - {fileID: 114467116068231986}
  - {fileID: 114410473116373702}
  Inputs:
  - {fileID: 114894278407062424}
  Outputs:
  - {fileID: 114470795373909556}
  - {fileID: 114982415302550852}
  - {fileID: 114467116068231986}
  - {fileID: 114410473116373702}
  talkingCharacter: 2
  characterImage: {fileID: 0}
  talkingText: "For the meat dishes of the main course we can try...\nLamb curry,
    or\nPot-roasted lamb, or\nPan-seared chicken breasts with Shallots, or\nChicken
    \xE1 la king.\n"
  talkingClip: {fileID: 8300000, guid: 6475f009ef42f4fd6b8a8480c5c1fc06, type: 3}
  customerSatisfactionReason: 
  modifierCustomerSatisfaction: 0
  staffSatisfactionReason: 
  modifierStaffSatisfaction: 0
  moneyReason: 
  modifierMonies: 0
  eventName: 
  options:
  - optionDisplay: Lamb curry
    optionText: I am going to offer lamb curry.
    optionImage: {fileID: 0}
    optionClip: {fileID: 8300000, guid: e2093064721754cd38710720e097ac65, type: 3}
    nodeOutputIndex: 0
    clickedEvent: 
  - optionDisplay: Pot-roasted lamb
    optionText: I am going to offer pot-roasted lamb.
    optionImage: {fileID: 0}
    optionClip: {fileID: 8300000, guid: a03dd4a156db942d0b70c335eff5ab90, type: 3}
    nodeOutputIndex: 1
    clickedEvent: PowerOutageMainMeatSuccess
  - optionDisplay: Pan-seared chicken breasts with Shallots
    optionText: I am going to offer pan-seared chicken breasts with shallots.
    optionImage: {fileID: 0}
    optionClip: {fileID: 8300000, guid: 38e9570b466204cb396fd7447f254c89, type: 3}
    nodeOutputIndex: 2
    clickedEvent: PowerOutageMainMeatSuccess
  - optionDisplay: "Chicken \xE1 la king"
    optionText: "I am going to offer chicken \xE1 la king."
    optionImage: {fileID: 0}
    optionClip: {fileID: 8300000, guid: a0a73106df2344d37a6bc0c29199dc36, type: 3}
    nodeOutputIndex: 3
    clickedEvent: 
--- !u!114 &114661098623426586
MonoBehaviour:
  m_ObjectHideFlags: 1
  m_PrefabParentObject: {fileID: 0}
  m_PrefabInternal: {fileID: 0}
  m_GameObject: {fileID: 0}
  m_Enabled: 1
  m_EditorHideFlags: 0
  m_Script: {fileID: 11500000, guid: 42e7026d0da7df848ab67d517ac12d74, type: 3}
  m_Name: Next Node
  m_EditorClassIdentifier: 
  body: {fileID: 114543278241333692}
  side: 2
  sidePosition: 174
  sideOffset: 0
  connections: []
  connection: {fileID: 114894278407062424}
  typeID: DialogueForward
  calculationBlockade: 0
--- !u!114 &114662431183963722
MonoBehaviour:
  m_ObjectHideFlags: 1
  m_PrefabParentObject: {fileID: 0}
  m_PrefabInternal: {fileID: 0}
  m_GameObject: {fileID: 0}
  m_Enabled: 1
  m_EditorHideFlags: 0
  m_Script: {fileID: 11500000, guid: 4caff27366054dd44a30ddb5be369acc, type: 3}
  m_Name: Previous Node
  m_EditorClassIdentifier: 
  body: {fileID: 114578578344645412}
  side: 4
  sidePosition: 30
  sideOffset: 0
  connection: {fileID: 0}
  connections:
  - {fileID: 114297973488479632}
  - {fileID: 114870145805762844}
  - {fileID: 114562452665818022}
  - {fileID: 114578798225971630}
  typeID: DialogueForward
--- !u!114 &114669119647727550
MonoBehaviour:
  m_ObjectHideFlags: 1
  m_PrefabParentObject: {fileID: 0}
  m_PrefabInternal: {fileID: 0}
  m_GameObject: {fileID: 0}
  m_Enabled: 1
  m_EditorHideFlags: 0
  m_Script: {fileID: 11500000, guid: 4caff27366054dd44a30ddb5be369acc, type: 3}
  m_Name: Previous Node
  m_EditorClassIdentifier: 
  body: {fileID: 114068254691893526}
  side: 4
  sidePosition: 30
  sideOffset: 0
  connection: {fileID: 0}
  connections:
  - {fileID: 114944235213266894}
  typeID: DialogueForward
--- !u!114 &114681595848231148
MonoBehaviour:
  m_ObjectHideFlags: 1
  m_PrefabParentObject: {fileID: 0}
  m_PrefabInternal: {fileID: 0}
  m_GameObject: {fileID: 0}
  m_Enabled: 1
  m_EditorHideFlags: 0
  m_Script: {fileID: 11500000, guid: 14f707d1b787d584eb8c9755906a734f, type: 3}
  m_Name: Dialogue Exit
  m_EditorClassIdentifier: 
  rect:
    serializedVersion: 2
    x: -47
    y: -158.5
    width: 300
    height: 130
  nodeKnobs:
  - {fileID: 114997298427506930}
  Inputs:
  - {fileID: 114997298427506930}
  Outputs: []
  talkingCharacter: 0
  characterImage: {fileID: 0}
  talkingText: 
  talkingClip: {fileID: 0}
  customerSatisfactionReason: 'Although it is sometimes unavoidable, buying a service
    or product from a competitor and selling it as your own is unethical. You should
    inform your customer that you are going to do this: The client has found out that
    you purchased the food from elsewhere and has decided to recommend the competitor
    instead of you to others.'
  modifierCustomerSatisfaction: -20
  staffSatisfactionReason: 'As a manager, you should acknowledge staff suggestions
    and explain why you have decided to follow or pass over their suggestions: The
    chef is happy that the advice was taken and with this decision, the chef also
    has much less work and stress.'
  modifierStaffSatisfaction: 15
  moneyReason: 'Buying a product or service from a competitor makes you a customer
    and all possible profit you could have made, is now paid to the competitor: Your
    competitor recognises your predicament and charges a premium price for the order.
    All other expenses (e.g. delivery) make your loss even greater.'
  modifierMonies: -25000
  eventName: 
  gameOverReason: 
--- !u!114 &114694036536701640
MonoBehaviour:
  m_ObjectHideFlags: 1
  m_PrefabParentObject: {fileID: 0}
  m_PrefabInternal: {fileID: 0}
  m_GameObject: {fileID: 0}
  m_Enabled: 1
  m_EditorHideFlags: 0
  m_Script: {fileID: 11500000, guid: 4caff27366054dd44a30ddb5be369acc, type: 3}
  m_Name: Previous Node
  m_EditorClassIdentifier: 
  body: {fileID: 114543278241333692}
  side: 4
  sidePosition: 30
  sideOffset: 0
  connection: {fileID: 0}
  connections:
  - {fileID: 114727310142919614}
  typeID: DialogueForward
--- !u!114 &114727310142919614
MonoBehaviour:
  m_ObjectHideFlags: 1
  m_PrefabParentObject: {fileID: 0}
  m_PrefabInternal: {fileID: 0}
  m_GameObject: {fileID: 0}
  m_Enabled: 1
  m_EditorHideFlags: 0
  m_Script: {fileID: 11500000, guid: 42e7026d0da7df848ab67d517ac12d74, type: 3}
  m_Name: Previous Node
  m_EditorClassIdentifier: 
  body: {fileID: 114068254691893526}
  side: 2
  sidePosition: 30
  sideOffset: 0
  connections: []
  connection: {fileID: 114694036536701640}
  typeID: DialogueForward
  calculationBlockade: 0
--- !u!114 &114758885881269804
MonoBehaviour:
  m_ObjectHideFlags: 1
  m_PrefabParentObject: {fileID: 0}
  m_PrefabInternal: {fileID: 0}
  m_GameObject: {fileID: 0}
  m_Enabled: 1
  m_EditorHideFlags: 0
  m_Script: {fileID: 11500000, guid: 42e7026d0da7df848ab67d517ac12d74, type: 3}
  m_Name: Next Node
  m_EditorClassIdentifier: 
  body: {fileID: 114002111072470444}
  side: 2
  sidePosition: 282
  sideOffset: 0
  connections: []
  connection: {fileID: 114174535237252154}
  typeID: DialogueForward
  calculationBlockade: 0
--- !u!114 &114793096549393246
MonoBehaviour:
  m_ObjectHideFlags: 1
  m_PrefabParentObject: {fileID: 0}
  m_PrefabInternal: {fileID: 0}
  m_GameObject: {fileID: 0}
  m_Enabled: 1
  m_EditorHideFlags: 0
  m_Script: {fileID: 11500000, guid: 4caff27366054dd44a30ddb5be369acc, type: 3}
  m_Name: Previous Node
  m_EditorClassIdentifier: 
  body: {fileID: 114980287552628328}
  side: 4
  sidePosition: 30
  sideOffset: 0
  connection: {fileID: 0}
  connections:
  - {fileID: 114330565897105338}
  typeID: DialogueForward
--- !u!114 &114840096422954176
MonoBehaviour:
  m_ObjectHideFlags: 1
  m_PrefabParentObject: {fileID: 0}
  m_PrefabInternal: {fileID: 0}
  m_GameObject: {fileID: 0}
  m_Enabled: 1
  m_EditorHideFlags: 0
  m_Script: {fileID: 11500000, guid: 42e7026d0da7df848ab67d517ac12d74, type: 3}
  m_Name: Next Node
  m_EditorClassIdentifier: 
  body: {fileID: 114002111072470444}
  side: 2
  sidePosition: 246
  sideOffset: 0
  connections: []
  connection: {fileID: 114174535237252154}
  typeID: DialogueForward
  calculationBlockade: 0
--- !u!114 &114848903513151972
MonoBehaviour:
  m_ObjectHideFlags: 1
  m_PrefabParentObject: {fileID: 0}
  m_PrefabInternal: {fileID: 0}
  m_GameObject: {fileID: 0}
  m_Enabled: 1
  m_EditorHideFlags: 0
  m_Script: {fileID: 11500000, guid: 5d2a731d98b4031488f6ec2e8597902a, type: 3}
  m_Name: Dialogue
  m_EditorClassIdentifier: 
  rect:
    serializedVersion: 2
    x: 1210
    y: 600
    width: 300
    height: 170
  nodeKnobs:
  - {fileID: 114174535237252154}
  - {fileID: 114330565897105338}
  Inputs:
  - {fileID: 114174535237252154}
  Outputs:
  - {fileID: 114330565897105338}
  talkingCharacter: 2
  characterImage: {fileID: 0}
  talkingText: No... I don't think it will be necessary to change the salads. I mean,
    I didn't need any power to make them anyway.
  talkingClip: {fileID: 8300000, guid: fdfa4d71682d2412eadd863bed592691, type: 3}
  customerSatisfactionReason: 
  modifierCustomerSatisfaction: 0
  staffSatisfactionReason: 
  modifierStaffSatisfaction: 0
  moneyReason: 
  modifierMonies: 0
  eventName: 
--- !u!114 &114870145805762844
MonoBehaviour:
  m_ObjectHideFlags: 1
  m_PrefabParentObject: {fileID: 0}
  m_PrefabInternal: {fileID: 0}
  m_GameObject: {fileID: 0}
  m_Enabled: 1
  m_EditorHideFlags: 0
  m_Script: {fileID: 11500000, guid: 42e7026d0da7df848ab67d517ac12d74, type: 3}
  m_Name: Next Node
  m_EditorClassIdentifier: 
  body: {fileID: 114183681016100046}
  side: 2
  sidePosition: 210
  sideOffset: 0
  connections: []
  connection: {fileID: 114662431183963722}
  typeID: DialogueForward
  calculationBlockade: 0
--- !u!114 &114878513852502032
MonoBehaviour:
  m_ObjectHideFlags: 1
  m_PrefabParentObject: {fileID: 0}
  m_PrefabInternal: {fileID: 0}
  m_GameObject: {fileID: 0}
  m_Enabled: 1
  m_EditorHideFlags: 0
  m_Script: {fileID: 11500000, guid: 99fe64730b070fc4b97579236a92125a, type: 3}
  m_Name: Dialogue Start
  m_EditorClassIdentifier: 
  rect:
    serializedVersion: 2
    x: -820
    y: -170
    width: 300
    height: 312
  nodeKnobs:
  - {fileID: 114256360975750042}
  - {fileID: 114944235213266894}
  - {fileID: 114023826584981772}
  - {fileID: 114428429073864432}
  Inputs: []
  Outputs:
  - {fileID: 114256360975750042}
  - {fileID: 114944235213266894}
  - {fileID: 114023826584981772}
  - {fileID: 114428429073864432}
  talkingCharacter: 2
  characterImage: {fileID: 0}
  talkingText: Instead of trying to find alternatives, we could always just buy out
    the entire menu... Just this once, because it is an emergency.
  talkingClip: {fileID: 8300000, guid: c3d75bcce285f43509f1d6bafa5df19a, type: 3}
  customerSatisfactionReason: 
  modifierCustomerSatisfaction: 0
  staffSatisfactionReason: 
  modifierStaffSatisfaction: 0
  moneyReason: 
  modifierMonies: 0
  eventName: 
  options:
  - optionDisplay: Good idea, it will save time
    optionText: Yes, that's a good idea. It will save us heaps of time... Let's buy
      everything out.
    optionImage: {fileID: 0}
    optionClip: {fileID: 8300000, guid: 02cae4ddb2cfd4b05b1d96cb11672822, type: 3}
    nodeOutputIndex: 0
    clickedEvent: PowerOutageBuyEntireMenu
  - optionDisplay: "It doesn\u2019t look that bad, let\u2019s make changes"
    optionText: No, I think I would rather let us find alternatives for the original
      menu... It doesn't look like it's going to be that bad.
    optionImage: {fileID: 0}
    optionClip: {fileID: 8300000, guid: 68f4540ef75424a7a87fc71f5b88e0c4, type: 3}
    nodeOutputIndex: 1
    clickedEvent: 
  - optionDisplay: 
    optionText: 
    optionImage: {fileID: 0}
    optionClip: {fileID: 0}
    nodeOutputIndex: 2
    clickedEvent: 
  - optionDisplay: 
    optionText: 
    optionImage: {fileID: 0}
    optionClip: {fileID: 0}
    nodeOutputIndex: 3
    clickedEvent: 
--- !u!114 &114894278407062424
MonoBehaviour:
  m_ObjectHideFlags: 1
  m_PrefabParentObject: {fileID: 0}
  m_PrefabInternal: {fileID: 0}
  m_GameObject: {fileID: 0}
  m_Enabled: 1
  m_EditorHideFlags: 0
  m_Script: {fileID: 11500000, guid: 4caff27366054dd44a30ddb5be369acc, type: 3}
  m_Name: Previous Node
  m_EditorClassIdentifier: 
  body: {fileID: 114582773935975708}
  side: 4
  sidePosition: 30
  sideOffset: 0
  connection: {fileID: 0}
  connections:
  - {fileID: 114661098623426586}
  - {fileID: 114177003851092838}
  - {fileID: 114010158836412808}
  - {fileID: 114996454031245272}
  typeID: DialogueForward
--- !u!114 &114920084658601406
MonoBehaviour:
  m_ObjectHideFlags: 1
  m_PrefabParentObject: {fileID: 0}
  m_PrefabInternal: {fileID: 0}
  m_GameObject: {fileID: 0}
  m_Enabled: 1
  m_EditorHideFlags: 0
  m_Script: {fileID: 11500000, guid: 4caff27366054dd44a30ddb5be369acc, type: 3}
  m_Name: Previous Node
  m_EditorClassIdentifier: 
  body: {fileID: 114183681016100046}
  side: 4
  sidePosition: 30
  sideOffset: 0
  connection: {fileID: 0}
  connections:
  - {fileID: 114934052363081650}
  typeID: DialogueForward
--- !u!114 &114934052363081650
MonoBehaviour:
  m_ObjectHideFlags: 1
  m_PrefabParentObject: {fileID: 0}
  m_PrefabInternal: {fileID: 0}
  m_GameObject: {fileID: 0}
  m_Enabled: 1
  m_EditorHideFlags: 0
  m_Script: {fileID: 11500000, guid: 42e7026d0da7df848ab67d517ac12d74, type: 3}
  m_Name: Previous Node
  m_EditorClassIdentifier: 
  body: {fileID: 114980287552628328}
  side: 2
  sidePosition: 30
  sideOffset: 0
  connections: []
  connection: {fileID: 114920084658601406}
  typeID: DialogueForward
  calculationBlockade: 0
--- !u!114 &114944235213266894
MonoBehaviour:
  m_ObjectHideFlags: 1
  m_PrefabParentObject: {fileID: 0}
  m_PrefabInternal: {fileID: 0}
  m_GameObject: {fileID: 0}
  m_Enabled: 1
  m_EditorHideFlags: 0
  m_Script: {fileID: 11500000, guid: 42e7026d0da7df848ab67d517ac12d74, type: 3}
  m_Name: Next Node
  m_EditorClassIdentifier: 
  body: {fileID: 114878513852502032}
  side: 2
  sidePosition: 210
  sideOffset: 0
  connections: []
  connection: {fileID: 114669119647727550}
  typeID: DialogueForward
  calculationBlockade: 0
--- !u!114 &114980287552628328
MonoBehaviour:
  m_ObjectHideFlags: 1
  m_PrefabParentObject: {fileID: 0}
  m_PrefabInternal: {fileID: 0}
  m_GameObject: {fileID: 0}
  m_Enabled: 1
  m_EditorHideFlags: 0
  m_Script: {fileID: 11500000, guid: 5d2a731d98b4031488f6ec2e8597902a, type: 3}
  m_Name: Dialogue
  m_EditorClassIdentifier: 
  rect:
    serializedVersion: 2
    x: 1613.0917
    y: 597.07056
    width: 300
    height: 170
  nodeKnobs:
  - {fileID: 114793096549393246}
  - {fileID: 114934052363081650}
  Inputs:
  - {fileID: 114793096549393246}
  Outputs:
  - {fileID: 114934052363081650}
  talkingCharacter: 1
  characterImage: {fileID: 0}
  talkingText: I agree... We leave the salads as they are.
  talkingClip: {fileID: 8300000, guid: 8e7c3173e41bb454f9758860c5925488, type: 3}
  customerSatisfactionReason: 
  modifierCustomerSatisfaction: 0
  staffSatisfactionReason: 
  modifierStaffSatisfaction: 0
  moneyReason: 
  modifierMonies: 0
  eventName: 
--- !u!114 &114982415302550852
MonoBehaviour:
  m_ObjectHideFlags: 1
  m_PrefabParentObject: {fileID: 0}
  m_PrefabInternal: {fileID: 0}
  m_GameObject: {fileID: 0}
  m_Enabled: 1
  m_EditorHideFlags: 0
  m_Script: {fileID: 11500000, guid: 42e7026d0da7df848ab67d517ac12d74, type: 3}
  m_Name: Next Node
  m_EditorClassIdentifier: 
  body: {fileID: 114582773935975708}
  side: 2
  sidePosition: 210
  sideOffset: 0
  connections: []
  connection: {fileID: 114002174628530670}
  typeID: DialogueForward
  calculationBlockade: 0
--- !u!114 &114996454031245272
MonoBehaviour:
  m_ObjectHideFlags: 1
  m_PrefabParentObject: {fileID: 0}
  m_PrefabInternal: {fileID: 0}
  m_GameObject: {fileID: 0}
  m_Enabled: 1
  m_EditorHideFlags: 0
  m_Script: {fileID: 11500000, guid: 42e7026d0da7df848ab67d517ac12d74, type: 3}
  m_Name: Next Node
  m_EditorClassIdentifier: 
  body: {fileID: 114543278241333692}
  side: 2
  sidePosition: 282
  sideOffset: 0
  connections: []
  connection: {fileID: 114894278407062424}
  typeID: DialogueForward
  calculationBlockade: 0
--- !u!114 &114997298427506930
MonoBehaviour:
  m_ObjectHideFlags: 1
  m_PrefabParentObject: {fileID: 0}
  m_PrefabInternal: {fileID: 0}
  m_GameObject: {fileID: 0}
  m_Enabled: 1
  m_EditorHideFlags: 0
  m_Script: {fileID: 11500000, guid: 4caff27366054dd44a30ddb5be369acc, type: 3}
  m_Name: Previous Node
  m_EditorClassIdentifier: 
  body: {fileID: 114681595848231148}
  side: 4
  sidePosition: 10
  sideOffset: 0
  connection: {fileID: 0}
  connections:
  - {fileID: 114256360975750042}
  typeID: DialogueForward
