%YAML 1.1
%TAG !u! tag:unity3d.com,2011:
--- !u!29 &1
SceneSettings:
  m_ObjectHideFlags: 0
  m_PVSData: 
  m_PVSObjectsArray: []
  m_PVSPortalsArray: []
  m_OcclusionBakeSettings:
    smallestOccluder: 5
    smallestHole: 0.25
    backfaceThreshold: 100
--- !u!104 &2
RenderSettings:
  m_ObjectHideFlags: 0
  serializedVersion: 7
  m_Fog: 0
  m_FogColor: {r: 0.5, g: 0.5, b: 0.5, a: 1}
  m_FogMode: 3
  m_FogDensity: 0.01
  m_LinearFogStart: 0
  m_LinearFogEnd: 300
  m_AmbientSkyColor: {r: 0.212, g: 0.227, b: 0.259, a: 1}
  m_AmbientEquatorColor: {r: 0.114, g: 0.125, b: 0.133, a: 1}
  m_AmbientGroundColor: {r: 0.047, g: 0.043, b: 0.035, a: 1}
  m_AmbientIntensity: 2
  m_AmbientMode: 0
  m_SkyboxMaterial: {fileID: 2100000, guid: 0b79f8bc98a210b4aae90a1e76b82fd1, type: 2}
  m_HaloStrength: 0.5
  m_FlareStrength: 1
  m_FlareFadeSpeed: 3
  m_HaloTexture: {fileID: 0}
  m_SpotCookie: {fileID: 10001, guid: 0000000000000000e000000000000000, type: 0}
  m_DefaultReflectionMode: 0
  m_DefaultReflectionResolution: 128
  m_ReflectionBounces: 1
  m_ReflectionIntensity: 1
  m_CustomReflection: {fileID: 0}
  m_Sun: {fileID: 0}
  m_IndirectSpecularColor: {r: 2.0992508, g: 1.997504, b: 1.9079485, a: 1}
--- !u!157 &3
LightmapSettings:
  m_ObjectHideFlags: 0
  serializedVersion: 7
  m_GIWorkflowMode: 0
  m_GISettings:
    serializedVersion: 2
    m_BounceScale: 1
    m_IndirectOutputScale: 1
    m_AlbedoBoost: 1
    m_TemporalCoherenceThreshold: 1
    m_EnvironmentLightingMode: 0
    m_EnableBakedLightmaps: 1
    m_EnableRealtimeLightmaps: 1
  m_LightmapEditorSettings:
    serializedVersion: 4
    m_Resolution: 4
    m_BakeResolution: 80
    m_TextureWidth: 4096
    m_TextureHeight: 1024
    m_AO: 0
    m_AOMaxDistance: 1
    m_CompAOExponent: 1
    m_CompAOExponentDirect: 0
    m_Padding: 10
    m_LightmapParameters: {fileID: 0}
    m_LightmapsBakeMode: 1
    m_TextureCompression: 1
    m_DirectLightInLightProbes: 1
    m_FinalGather: 0
    m_FinalGatherFiltering: 1
    m_FinalGatherRayCount: 256
    m_ReflectionCompression: 2
  m_LightingDataAsset: {fileID: 112000143, guid: 8063c008d1f783247bdc6a5c3ddb3c9b,
    type: 2}
  m_RuntimeCPUUsage: 25
--- !u!196 &4
NavMeshSettings:
  serializedVersion: 2
  m_ObjectHideFlags: 0
  m_BuildSettings:
    serializedVersion: 2
    agentRadius: 0.5
    agentHeight: 2
    agentSlope: 45
    agentClimb: 0.4
    ledgeDropHeight: 0
    maxJumpAcrossDistance: 0
    accuratePlacement: 0
    minRegionArea: 2
    cellSize: 0.16666667
    manualCellSize: 0
  m_NavMeshData: {fileID: 0}
--- !u!1001 &185989835
Prefab:
  m_ObjectHideFlags: 0
  serializedVersion: 2
  m_Modification:
    m_TransformParent: {fileID: 1261373854}
    m_Modifications:
    - target: {fileID: 4000011227611754, guid: ac6155221a093f04b831ce33c82e4803, type: 2}
      propertyPath: m_LocalPosition.x
      value: 0
      objectReference: {fileID: 0}
    - target: {fileID: 4000011227611754, guid: ac6155221a093f04b831ce33c82e4803, type: 2}
      propertyPath: m_LocalPosition.y
      value: 0
      objectReference: {fileID: 0}
    - target: {fileID: 4000011227611754, guid: ac6155221a093f04b831ce33c82e4803, type: 2}
      propertyPath: m_LocalPosition.z
      value: 0
      objectReference: {fileID: 0}
    - target: {fileID: 4000011227611754, guid: ac6155221a093f04b831ce33c82e4803, type: 2}
      propertyPath: m_LocalRotation.x
      value: -0
      objectReference: {fileID: 0}
    - target: {fileID: 4000011227611754, guid: ac6155221a093f04b831ce33c82e4803, type: 2}
      propertyPath: m_LocalRotation.y
      value: -0
      objectReference: {fileID: 0}
    - target: {fileID: 4000011227611754, guid: ac6155221a093f04b831ce33c82e4803, type: 2}
      propertyPath: m_LocalRotation.z
      value: -0
      objectReference: {fileID: 0}
    - target: {fileID: 4000011227611754, guid: ac6155221a093f04b831ce33c82e4803, type: 2}
      propertyPath: m_LocalRotation.w
      value: 1
      objectReference: {fileID: 0}
    - target: {fileID: 4000011227611754, guid: ac6155221a093f04b831ce33c82e4803, type: 2}
      propertyPath: m_RootOrder
      value: 2
      objectReference: {fileID: 0}
    m_RemovedComponents: []
  m_ParentPrefab: {fileID: 100100000, guid: ac6155221a093f04b831ce33c82e4803, type: 2}
  m_IsPrefabParent: 0
--- !u!4 &185989836 stripped
Transform:
  m_PrefabParentObject: {fileID: 4000011227611754, guid: ac6155221a093f04b831ce33c82e4803,
    type: 2}
  m_PrefabInternal: {fileID: 185989835}
--- !u!1 &610251646
GameObject:
  m_ObjectHideFlags: 0
  m_PrefabParentObject: {fileID: 0}
  m_PrefabInternal: {fileID: 0}
  serializedVersion: 4
  m_Component:
  - 4: {fileID: 610251651}
  - 20: {fileID: 610251650}
  - 92: {fileID: 610251649}
  - 124: {fileID: 610251648}
  - 81: {fileID: 610251647}
  - 114: {fileID: 610251652}
  m_Layer: 0
  m_Name: Main Camera
  m_TagString: MainCamera
  m_Icon: {fileID: 0}
  m_NavMeshLayer: 0
  m_StaticEditorFlags: 0
  m_IsActive: 1
--- !u!81 &610251647
AudioListener:
  m_ObjectHideFlags: 0
  m_PrefabParentObject: {fileID: 0}
  m_PrefabInternal: {fileID: 0}
  m_GameObject: {fileID: 610251646}
  m_Enabled: 1
--- !u!124 &610251648
Behaviour:
  m_ObjectHideFlags: 0
  m_PrefabParentObject: {fileID: 0}
  m_PrefabInternal: {fileID: 0}
  m_GameObject: {fileID: 610251646}
  m_Enabled: 1
--- !u!92 &610251649
Behaviour:
  m_ObjectHideFlags: 0
  m_PrefabParentObject: {fileID: 0}
  m_PrefabInternal: {fileID: 0}
  m_GameObject: {fileID: 610251646}
  m_Enabled: 1
--- !u!20 &610251650
Camera:
  m_ObjectHideFlags: 0
  m_PrefabParentObject: {fileID: 0}
  m_PrefabInternal: {fileID: 0}
  m_GameObject: {fileID: 610251646}
  m_Enabled: 1
  serializedVersion: 2
  m_ClearFlags: 1
  m_BackGroundColor: {r: 0.19215687, g: 0.3019608, b: 0.4745098, a: 0}
  m_NormalizedViewPortRect:
    serializedVersion: 2
    x: 0
    y: 0
    width: 1
    height: 1
  near clip plane: 0.3
  far clip plane: 1000
  field of view: 60
  orthographic: 0
  orthographic size: 5
  m_Depth: -1
  m_CullingMask:
    serializedVersion: 2
    m_Bits: 4294967295
  m_RenderingPath: -1
  m_TargetTexture: {fileID: 0}
  m_TargetDisplay: 0
  m_TargetEye: 3
  m_HDR: 0
  m_OcclusionCulling: 1
  m_StereoConvergence: 10
  m_StereoSeparation: 0.022
  m_StereoMirrorMode: 0
--- !u!4 &610251651
Transform:
  m_ObjectHideFlags: 0
  m_PrefabParentObject: {fileID: 0}
  m_PrefabInternal: {fileID: 0}
  m_GameObject: {fileID: 610251646}
  m_LocalRotation: {x: 0.17074879, y: -0.8192429, z: 0.451175, w: 0.31004387}
  m_LocalPosition: {x: 4.852967, y: 6.1295686, z: 7.687196}
  m_LocalScale: {x: 1, y: 1, z: 1}
  m_LocalEulerAnglesHint: {x: 0, y: 0, z: 0}
  m_Children: []
  m_Father: {fileID: 0}
  m_RootOrder: 0
--- !u!114 &610251652
MonoBehaviour:
  m_ObjectHideFlags: 0
  m_PrefabParentObject: {fileID: 0}
  m_PrefabInternal: {fileID: 0}
  m_GameObject: {fileID: 610251646}
  m_Enabled: 1
  m_EditorHideFlags: 0
  m_Script: {fileID: 11500000, guid: ff26db721962cdf4a8edcdfa9a767d2a, type: 3}
  m_Name: 
  m_EditorClassIdentifier: 
  profile: {fileID: 11400000, guid: 0f82fc383b8763442a289af0b650727f, type: 2}
--- !u!1001 &758891516
Prefab:
  m_ObjectHideFlags: 0
  serializedVersion: 2
  m_Modification:
    m_TransformParent: {fileID: 1261373854}
    m_Modifications:
    - target: {fileID: 4000012251975606, guid: 0f71b25c7ddf1c04c9132a2e976fd802, type: 2}
      propertyPath: m_LocalPosition.x
      value: 3.386302
      objectReference: {fileID: 0}
    - target: {fileID: 4000012251975606, guid: 0f71b25c7ddf1c04c9132a2e976fd802, type: 2}
      propertyPath: m_LocalPosition.y
      value: 2.5627882
      objectReference: {fileID: 0}
    - target: {fileID: 4000012251975606, guid: 0f71b25c7ddf1c04c9132a2e976fd802, type: 2}
      propertyPath: m_LocalPosition.z
      value: 4.937785
      objectReference: {fileID: 0}
    - target: {fileID: 4000012251975606, guid: 0f71b25c7ddf1c04c9132a2e976fd802, type: 2}
      propertyPath: m_LocalRotation.x
      value: -0
      objectReference: {fileID: 0}
    - target: {fileID: 4000012251975606, guid: 0f71b25c7ddf1c04c9132a2e976fd802, type: 2}
      propertyPath: m_LocalRotation.y
      value: -0
      objectReference: {fileID: 0}
    - target: {fileID: 4000012251975606, guid: 0f71b25c7ddf1c04c9132a2e976fd802, type: 2}
      propertyPath: m_LocalRotation.z
      value: -0
      objectReference: {fileID: 0}
    - target: {fileID: 4000012251975606, guid: 0f71b25c7ddf1c04c9132a2e976fd802, type: 2}
      propertyPath: m_LocalRotation.w
      value: 1
      objectReference: {fileID: 0}
    - target: {fileID: 4000012251975606, guid: 0f71b25c7ddf1c04c9132a2e976fd802, type: 2}
      propertyPath: m_RootOrder
      value: 4
      objectReference: {fileID: 0}
    m_RemovedComponents: []
  m_ParentPrefab: {fileID: 100100000, guid: 0f71b25c7ddf1c04c9132a2e976fd802, type: 2}
  m_IsPrefabParent: 0
--- !u!4 &758891517 stripped
Transform:
  m_PrefabParentObject: {fileID: 4000012251975606, guid: 0f71b25c7ddf1c04c9132a2e976fd802,
    type: 2}
  m_PrefabInternal: {fileID: 758891516}
--- !u!1001 &907294148
Prefab:
  m_ObjectHideFlags: 0
  serializedVersion: 2
  m_Modification:
    m_TransformParent: {fileID: 1261373854}
    m_Modifications:
    - target: {fileID: 4000012735087464, guid: 05e2f25deca03b448b0ce4c52de4ae72, type: 2}
      propertyPath: m_LocalPosition.x
      value: 0
      objectReference: {fileID: 0}
    - target: {fileID: 4000012735087464, guid: 05e2f25deca03b448b0ce4c52de4ae72, type: 2}
      propertyPath: m_LocalPosition.y
      value: 0
      objectReference: {fileID: 0}
    - target: {fileID: 4000012735087464, guid: 05e2f25deca03b448b0ce4c52de4ae72, type: 2}
      propertyPath: m_LocalPosition.z
      value: 0
      objectReference: {fileID: 0}
    - target: {fileID: 4000012735087464, guid: 05e2f25deca03b448b0ce4c52de4ae72, type: 2}
      propertyPath: m_LocalRotation.x
      value: -0
      objectReference: {fileID: 0}
    - target: {fileID: 4000012735087464, guid: 05e2f25deca03b448b0ce4c52de4ae72, type: 2}
      propertyPath: m_LocalRotation.y
      value: -0
      objectReference: {fileID: 0}
    - target: {fileID: 4000012735087464, guid: 05e2f25deca03b448b0ce4c52de4ae72, type: 2}
      propertyPath: m_LocalRotation.z
      value: -0
      objectReference: {fileID: 0}
    - target: {fileID: 4000012735087464, guid: 05e2f25deca03b448b0ce4c52de4ae72, type: 2}
      propertyPath: m_LocalRotation.w
      value: 1
      objectReference: {fileID: 0}
    - target: {fileID: 4000012735087464, guid: 05e2f25deca03b448b0ce4c52de4ae72, type: 2}
      propertyPath: m_RootOrder
      value: 6
      objectReference: {fileID: 0}
    m_RemovedComponents: []
  m_ParentPrefab: {fileID: 100100000, guid: 05e2f25deca03b448b0ce4c52de4ae72, type: 2}
  m_IsPrefabParent: 0
--- !u!4 &907294149 stripped
Transform:
  m_PrefabParentObject: {fileID: 4000012735087464, guid: 05e2f25deca03b448b0ce4c52de4ae72,
    type: 2}
  m_PrefabInternal: {fileID: 907294148}
--- !u!1001 &953575034
Prefab:
  m_ObjectHideFlags: 0
  serializedVersion: 2
  m_Modification:
    m_TransformParent: {fileID: 1261373854}
    m_Modifications:
    - target: {fileID: 400002, guid: bf2d34c7c702aba41951c7ffe2ee1d2e, type: 3}
      propertyPath: m_LocalPosition.x
      value: 0
      objectReference: {fileID: 0}
    - target: {fileID: 400002, guid: bf2d34c7c702aba41951c7ffe2ee1d2e, type: 3}
      propertyPath: m_LocalPosition.y
      value: 0
      objectReference: {fileID: 0}
    - target: {fileID: 400002, guid: bf2d34c7c702aba41951c7ffe2ee1d2e, type: 3}
      propertyPath: m_LocalPosition.z
      value: 0
      objectReference: {fileID: 0}
    - target: {fileID: 400002, guid: bf2d34c7c702aba41951c7ffe2ee1d2e, type: 3}
      propertyPath: m_LocalRotation.x
      value: -0
      objectReference: {fileID: 0}
    - target: {fileID: 400002, guid: bf2d34c7c702aba41951c7ffe2ee1d2e, type: 3}
      propertyPath: m_LocalRotation.y
      value: -0
      objectReference: {fileID: 0}
    - target: {fileID: 400002, guid: bf2d34c7c702aba41951c7ffe2ee1d2e, type: 3}
      propertyPath: m_LocalRotation.z
      value: -0
      objectReference: {fileID: 0}
    - target: {fileID: 400002, guid: bf2d34c7c702aba41951c7ffe2ee1d2e, type: 3}
      propertyPath: m_LocalRotation.w
      value: 1
      objectReference: {fileID: 0}
    - target: {fileID: 400002, guid: bf2d34c7c702aba41951c7ffe2ee1d2e, type: 3}
      propertyPath: m_RootOrder
      value: 1
      objectReference: {fileID: 0}
    - target: {fileID: 100004, guid: bf2d34c7c702aba41951c7ffe2ee1d2e, type: 3}
      propertyPath: m_Layer
      value: 8
      objectReference: {fileID: 0}
    - target: {fileID: 100000, guid: bf2d34c7c702aba41951c7ffe2ee1d2e, type: 3}
      propertyPath: m_StaticEditorFlags
      value: 4294967295
      objectReference: {fileID: 0}
    - target: {fileID: 100006, guid: bf2d34c7c702aba41951c7ffe2ee1d2e, type: 3}
      propertyPath: m_StaticEditorFlags
      value: 4294967295
      objectReference: {fileID: 0}
    - target: {fileID: 100004, guid: bf2d34c7c702aba41951c7ffe2ee1d2e, type: 3}
      propertyPath: m_StaticEditorFlags
      value: 4294967295
      objectReference: {fileID: 0}
    - target: {fileID: 100002, guid: bf2d34c7c702aba41951c7ffe2ee1d2e, type: 3}
      propertyPath: m_StaticEditorFlags
      value: 4294967295
      objectReference: {fileID: 0}
    - target: {fileID: 2300002, guid: bf2d34c7c702aba41951c7ffe2ee1d2e, type: 3}
      propertyPath: m_ScaleInLightmap
      value: 1
      objectReference: {fileID: 0}
    m_RemovedComponents: []
  m_ParentPrefab: {fileID: 100100000, guid: bf2d34c7c702aba41951c7ffe2ee1d2e, type: 3}
  m_IsPrefabParent: 0
--- !u!1 &953575035 stripped
GameObject:
  m_PrefabParentObject: {fileID: 100004, guid: bf2d34c7c702aba41951c7ffe2ee1d2e, type: 3}
  m_PrefabInternal: {fileID: 953575034}
--- !u!1 &953575036 stripped
GameObject:
  m_PrefabParentObject: {fileID: 100000, guid: bf2d34c7c702aba41951c7ffe2ee1d2e, type: 3}
  m_PrefabInternal: {fileID: 953575034}
--- !u!64 &953575037
MeshCollider:
  m_ObjectHideFlags: 0
  m_PrefabParentObject: {fileID: 0}
  m_PrefabInternal: {fileID: 0}
  m_GameObject: {fileID: 953575035}
  m_Material: {fileID: 0}
  m_IsTrigger: 0
  m_Enabled: 1
  serializedVersion: 2
  m_Convex: 0
  m_Mesh: {fileID: 4300004, guid: bf2d34c7c702aba41951c7ffe2ee1d2e, type: 3}
--- !u!64 &953575038
MeshCollider:
  m_ObjectHideFlags: 0
  m_PrefabParentObject: {fileID: 0}
  m_PrefabInternal: {fileID: 0}
  m_GameObject: {fileID: 953575036}
  m_Material: {fileID: 0}
  m_IsTrigger: 0
  m_Enabled: 1
  serializedVersion: 2
  m_Convex: 0
  m_Mesh: {fileID: 4300002, guid: bf2d34c7c702aba41951c7ffe2ee1d2e, type: 3}
--- !u!4 &953575039 stripped
Transform:
  m_PrefabParentObject: {fileID: 400002, guid: bf2d34c7c702aba41951c7ffe2ee1d2e, type: 3}
  m_PrefabInternal: {fileID: 953575034}
--- !u!1001 &1097165794
Prefab:
  m_ObjectHideFlags: 0
  serializedVersion: 2
  m_Modification:
    m_TransformParent: {fileID: 1261373854}
    m_Modifications:
    - target: {fileID: 4000011138414970, guid: 1b05383db41de1541b97e6c274899863, type: 2}
      propertyPath: m_LocalPosition.x
      value: 0
      objectReference: {fileID: 0}
    - target: {fileID: 4000011138414970, guid: 1b05383db41de1541b97e6c274899863, type: 2}
      propertyPath: m_LocalPosition.y
      value: 0
      objectReference: {fileID: 0}
    - target: {fileID: 4000011138414970, guid: 1b05383db41de1541b97e6c274899863, type: 2}
      propertyPath: m_LocalPosition.z
      value: 0
      objectReference: {fileID: 0}
    - target: {fileID: 4000011138414970, guid: 1b05383db41de1541b97e6c274899863, type: 2}
      propertyPath: m_LocalRotation.x
      value: -0
      objectReference: {fileID: 0}
    - target: {fileID: 4000011138414970, guid: 1b05383db41de1541b97e6c274899863, type: 2}
      propertyPath: m_LocalRotation.y
      value: -0
      objectReference: {fileID: 0}
    - target: {fileID: 4000011138414970, guid: 1b05383db41de1541b97e6c274899863, type: 2}
      propertyPath: m_LocalRotation.z
      value: -0
      objectReference: {fileID: 0}
    - target: {fileID: 4000011138414970, guid: 1b05383db41de1541b97e6c274899863, type: 2}
      propertyPath: m_LocalRotation.w
      value: 1
      objectReference: {fileID: 0}
    - target: {fileID: 4000011138414970, guid: 1b05383db41de1541b97e6c274899863, type: 2}
      propertyPath: m_RootOrder
      value: 3
      objectReference: {fileID: 0}
    m_RemovedComponents: []
  m_ParentPrefab: {fileID: 100100000, guid: 1b05383db41de1541b97e6c274899863, type: 2}
  m_IsPrefabParent: 0
--- !u!4 &1097165795 stripped
Transform:
  m_PrefabParentObject: {fileID: 4000011138414970, guid: 1b05383db41de1541b97e6c274899863,
    type: 2}
  m_PrefabInternal: {fileID: 1097165794}
--- !u!1 &1261373853
GameObject:
  m_ObjectHideFlags: 0
  m_PrefabParentObject: {fileID: 0}
  m_PrefabInternal: {fileID: 0}
  serializedVersion: 4
  m_Component:
  - 4: {fileID: 1261373854}
  m_Layer: 0
  m_Name: Level
  m_TagString: Untagged
  m_Icon: {fileID: 0}
  m_NavMeshLayer: 0
  m_StaticEditorFlags: 0
  m_IsActive: 1
--- !u!4 &1261373854
Transform:
  m_ObjectHideFlags: 0
  m_PrefabParentObject: {fileID: 0}
  m_PrefabInternal: {fileID: 0}
  m_GameObject: {fileID: 1261373853}
  m_LocalRotation: {x: 0, y: 0, z: 0, w: 1}
  m_LocalPosition: {x: 0, y: 0, z: 0}
  m_LocalScale: {x: 1, y: 1, z: 1}
  m_LocalEulerAnglesHint: {x: 0, y: 0, z: 0}
  m_Children:
  - {fileID: 1975303028}
  - {fileID: 953575039}
  - {fileID: 185989836}
  - {fileID: 1097165795}
  - {fileID: 758891517}
  - {fileID: 1821781708}
  - {fileID: 907294149}
  m_Father: {fileID: 0}
  m_RootOrder: 1
--- !u!1001 &1821781707
Prefab:
  m_ObjectHideFlags: 0
  serializedVersion: 2
  m_Modification:
    m_TransformParent: {fileID: 1261373854}
    m_Modifications:
    - target: {fileID: 4000012683552002, guid: 8615c3475326bbf4eab9b8ed832ef7d0, type: 2}
      propertyPath: m_LocalPosition.x
      value: 0
      objectReference: {fileID: 0}
    - target: {fileID: 4000012683552002, guid: 8615c3475326bbf4eab9b8ed832ef7d0, type: 2}
      propertyPath: m_LocalPosition.y
      value: 0
      objectReference: {fileID: 0}
    - target: {fileID: 4000012683552002, guid: 8615c3475326bbf4eab9b8ed832ef7d0, type: 2}
      propertyPath: m_LocalPosition.z
      value: 0
      objectReference: {fileID: 0}
    - target: {fileID: 4000012683552002, guid: 8615c3475326bbf4eab9b8ed832ef7d0, type: 2}
      propertyPath: m_LocalRotation.x
      value: -0
      objectReference: {fileID: 0}
    - target: {fileID: 4000012683552002, guid: 8615c3475326bbf4eab9b8ed832ef7d0, type: 2}
      propertyPath: m_LocalRotation.y
      value: -0
      objectReference: {fileID: 0}
    - target: {fileID: 4000012683552002, guid: 8615c3475326bbf4eab9b8ed832ef7d0, type: 2}
      propertyPath: m_LocalRotation.z
      value: -0
      objectReference: {fileID: 0}
    - target: {fileID: 4000012683552002, guid: 8615c3475326bbf4eab9b8ed832ef7d0, type: 2}
      propertyPath: m_LocalRotation.w
      value: 1
      objectReference: {fileID: 0}
    - target: {fileID: 4000012683552002, guid: 8615c3475326bbf4eab9b8ed832ef7d0, type: 2}
      propertyPath: m_RootOrder
      value: 5
      objectReference: {fileID: 0}
    m_RemovedComponents: []
  m_ParentPrefab: {fileID: 100100000, guid: 8615c3475326bbf4eab9b8ed832ef7d0, type: 2}
  m_IsPrefabParent: 0
--- !u!4 &1821781708 stripped
Transform:
  m_PrefabParentObject: {fileID: 4000012683552002, guid: 8615c3475326bbf4eab9b8ed832ef7d0,
    type: 2}
  m_PrefabInternal: {fileID: 1821781707}
--- !u!1001 &1975303027
Prefab:
  m_ObjectHideFlags: 0
  serializedVersion: 2
  m_Modification:
    m_TransformParent: {fileID: 1261373854}
    m_Modifications:
    - target: {fileID: 4000014243196984, guid: 9abd0e8bbc01d9849b2c35290feadf37, type: 2}
      propertyPath: m_LocalPosition.x
      value: 0
      objectReference: {fileID: 0}
    - target: {fileID: 4000014243196984, guid: 9abd0e8bbc01d9849b2c35290feadf37, type: 2}
      propertyPath: m_LocalPosition.y
      value: 0
      objectReference: {fileID: 0}
    - target: {fileID: 4000014243196984, guid: 9abd0e8bbc01d9849b2c35290feadf37, type: 2}
      propertyPath: m_LocalPosition.z
      value: 0
      objectReference: {fileID: 0}
    - target: {fileID: 4000014243196984, guid: 9abd0e8bbc01d9849b2c35290feadf37, type: 2}
      propertyPath: m_LocalRotation.x
      value: -0
      objectReference: {fileID: 0}
    - target: {fileID: 4000014243196984, guid: 9abd0e8bbc01d9849b2c35290feadf37, type: 2}
      propertyPath: m_LocalRotation.y
      value: -0
      objectReference: {fileID: 0}
    - target: {fileID: 4000014243196984, guid: 9abd0e8bbc01d9849b2c35290feadf37, type: 2}
      propertyPath: m_LocalRotation.z
      value: -0
      objectReference: {fileID: 0}
    - target: {fileID: 4000014243196984, guid: 9abd0e8bbc01d9849b2c35290feadf37, type: 2}
      propertyPath: m_LocalRotation.w
      value: 1
      objectReference: {fileID: 0}
    - target: {fileID: 4000014243196984, guid: 9abd0e8bbc01d9849b2c35290feadf37, type: 2}
      propertyPath: m_RootOrder
      value: 0
      objectReference: {fileID: 0}
    m_RemovedComponents: []
  m_ParentPrefab: {fileID: 100100000, guid: 9abd0e8bbc01d9849b2c35290feadf37, type: 2}
  m_IsPrefabParent: 0
--- !u!4 &1975303028 stripped
Transform:
  m_PrefabParentObject: {fileID: 4000014243196984, guid: 9abd0e8bbc01d9849b2c35290feadf37,
    type: 2}
  m_PrefabInternal: {fileID: 1975303027}
